<?xml version="1.0" encoding="UTF-8"?><collection xmlns="http://www.loc.gov/MARC21/slim"><record><leader>00381nam--2200133-i-4500</leader><controlfield tag="001">000011250</controlfield><controlfield tag="002">20161230</controlfield><controlfield tag="005">20170206151751</controlfield><controlfield tag="008">060222s1000------------r-----000-0-eng-d</controlfield><datafield ind1=" " ind2=" " tag="080"><subfield code="a">0</subfield></datafield><datafield ind1=" " ind2=" " tag="245"><subfield code="a">Atlasul Republicii Socialiste Romania. Fascico la I-1974, II-1975 si III-1976</subfield></datafield><datafield ind1=" " ind2=" " tag="260"><subfield code="a">Bucuresti</subfield><subfield code="b">Editura Academiei Rsr</subfield><subfield code="c">1974-1976</subfield></datafield><datafield ind1=" " ind2=" " tag="852"><subfield code="a">41917</subfield></datafield><datafield ind1=" " ind2=" " tag="CAT"><subfield code="a">SYS</subfield><subfield code="c">20170206</subfield><subfield code="h">151751</subfield></datafield></record></collection>